@inproceedings{pascual2009exploring,
  title={Exploring asynchronous online discussions through hierarchical visualisation},
  author={Pascual-Cid, Victor and Kaltenbrunner, Andreas},
  booktitle={Information Visualisation, 2009 13th International Conference},
  pages={191--196},
  year={2009},
  organization={IEEE}
}

@inproceedings{hoque2014convis,
  title={Convis: A visual text analytic system for exploring blog conversations},
  author={Hoque, Enamul and Carenini, Giuseppe},
  booktitle={Computer Graphics Forum},
  volume={33},
  number={3},
  pages={221--230},
  year={2014},
  organization={Wiley Online Library}
}

@article{hoque2016interactive,
  title={Interactive topic modeling for exploring asynchronous online conversations: Design and evaluation of ConVisIT},
  author={Hoque, Enamul and Carenini, Giuseppe},
  journal={ACM Transactions on Interactive Intelligent Systems (TiiS)},
  volume={6},
  number={1},
  pages={7},
  year={2016},
  publisher={ACM}
}

@misc{
  react-vis,
  Author = {Bulyonov, Anton and McNutt, Andrew and {Uber Vis Team}},
  Title = {{react-vis}},
  howpublished = {\url{https://uber.github.io/react-vis/}} ,
  year={2016}
}

@misc{
  treeverse,
  Author = {Paul Bulter},
  Title = {{Treeverse}},
  howpublished = {\url{https://treeverse.app/}},
  lastvisited={2-9-2019}
}

@misc{
  hackernews,
  Author = {{yCombinator}},
  Title = {{HackerNews}},
  howpublished = {\url{https://news.ycombinator.com/}} ,
  lastvisited={2-9-2019}
}



@article{donath1999visualizing,
  title={Visualizing conversation},
  author={Donath, Judith and Karahalios, Karrie and Viegas, Fernanda},
  journal={Journal of computer-mediated communication},
  volume={4},
  number={4},
  pages={JCMC442},
  year={1999},
  publisher={Oxford University Press Oxford, UK}
}

@article{sack2000conversation,
  title={Conversation map: An interface for very large-scale conversations},
  author={Sack, Warren},
  journal={Journal of Management Information Systems},
  volume={17},
  number={3},
  pages={73--92},
  year={2000},
  publisher={Taylor \& Francis}
}

@inproceedings{pascual2009exploring,
  title={Exploring asynchronous online discussions through hierarchical visualisation},
  author={Pascual-Cid, Victor and Kaltenbrunner, Andreas},
  booktitle={Information Visualisation, 2009 13th International Conference},
  pages={191--196},
  year={2009},
  organization={IEEE}
}

@inproceedings{wattenberg2003conversation,
  title={Conversation thumbnails for large-scale discussions},
  author={Wattenberg, Martin and Millen, David},
  booktitle={CHI'03 extended abstracts on Human factors in computing systems},
  pages={742--743},
  year={2003},
  organization={ACM}
}



@inproceedings{dave2004flash,
  title={Flash forums and forumReader: navigating a new kind of large-scale online discussion},
  author={Dave, Kushal and Wattenberg, Martin and Muller, Michael},
  booktitle={Proceedings of the 2004 ACM conference on Computer supported cooperative work},
  pages={232--241},
  year={2004},
  organization={ACM}
}

@inproceedings{narayan2010not,
  title={Not too long to read: The tldr interface for exploring and navigating large-scale discussion spaces},
  author={Narayan, Srikanth and Cheshire, Coye},
  booktitle={System Sciences (HICSS), 2010 43rd Hawaii International Conference on},
  pages={1--10},
  year={2010},
  organization={IEEE}
}


@inproceedings{shneiderman1996eyes,
  title={The eyes have it: A task by data type taxonomy for information visualizations},
  author={Shneiderman, Ben},
  booktitle={Visual Languages, 1996. Proceedings., IEEE Symposium on},
  pages={336--343},
  year={1996},
  organization={IEEE}
}


@inproceedings{twittercanoes,
  title={To journey in Twitter canoes: Methods to understand the mechanisms and meaning in Twitter conversations.},
  author={Seema Rao and Robert Stein},
  booktitle={MW18: Museums and the Web 2018},
  year={2018}
}


@article{willett2007scented,
  title={Scented widgets: Improving navigation cues with embedded visualizations},
  author={Willett, Wesley and Heer, Jeffrey and Agrawala, Maneesh},
  journal={IEEE Transactions on Visualization and Computer Graphics},
  volume={13},
  number={6},
  pages={1129--1136},
  year={2007},
  publisher={IEEE}
}